@book{Ehrlich, 
author={Ehrlich, Gertrude},
title={Fundamental Concepts of Abstract Algebra}, 
publisher={PWS-KENT Publishing Company}, 
year={1991}, }

@book{Barrera, author={Barrera Mora, Jos\'e F\'elix
      Fernando}, title={Introducción a la Teoría de Grupos},
    publisher={Amalgama Arte Editorial SA de CV., UAEH-SMM},
    year={2004}, }

@book{Zaldivar, author={Zaldívar, Felipe},
    title={Introducción a la teoría de grupos}, publisher={Editorial
      Reverté}, year={2006}, }

@book{Hall, author={Hall, Marshall Jr. }, title={Teoría
      de los grupos}, publisher={Editorial Trillas, M\'exico},
    year={1969}, }

@book{Harary, author={Harary, Frank}, title={Graph theory},
    publisher={Addison-Wesley Publishing Co., Reading, Mass.-Menlo
      Park, Calif.-London }, year={1969}, pages={ix+274},
     }

@article{ASurvey, author={Wong, Pak Ken}, title={Cages---a
      survey}, journal={J. Graph Theory}, volume={6}, date={1982},
    number={1}, pages={1--22}, issn={0364-9024}, }

@article{Conder-Exoo, author={Conder, Marston}, author={Exoo,
      Geoffrey}, author={Jajcay, Robert}, title={On the limitations of
      the use of solvable groups in Cayley graph cage constructions},
    journal={European J. Combin.}, volume={31}, date={2010},
    number={7}, pages={1819--1828}, issn={0195-6698}, }

@article{primerascuello9, author={Biggs, N. L.},
    author={Hoare, M. J.}, title={A trivalent graph with $58$ vertices
      and girth $9$}, journal={Discrete Math.}, volume={30},
    date={1980}, number={3}, pages={299--301}, issn={0012-365X}, }

@article{cuello9, author={Brinkmann, Gunnar}, author={McKay,
      Brendan D.}, author={Saager, Carsten}, title={The smallest cubic
      graphs of girth nine}, journal={Combin. Probab. Comput.},
    volume={4}, date={1995}, number={4}, pages={317--329}, }

@article{cuello10, author={O'Keefe, M.}, author={Wong,
      P. K.}, title={A smallest graph of girth $10$ and valency $3$},
    journal={J. Combin. Theory Ser. B}, volume={29}, date={1980},
    number={1}, pages={91--105}, }

@article{cuello11, author={Balaban, Alexandru T.},
    title={Trivalent graphs of girth nine and eleven, and
      relationships among cages}, journal={Rev. Roumaine Math. Pures
      Appl.}, volume={18}, date={1973}, pages={1033--1043}, }

@article{cuello141516, author={Exoo, Geoffrey}, title={A
      simple method for constructing small cubic graphs of girths
      $14$, $15$, and $16$}, journal={Electron. J. Combin.},
    volume={3}, date={1996}, number={1}, pages={Research Paper 30,
      approx.\ 3 pp.\ (electronic)}, }

@article{cgcuellogrande, author={Biggs, N. L.}, title={Cubic
      graphs with large girth}, conference={ title={ Conference},
      address={New York}, date={1985}, }, book={ series={Ann. New York
        Acad. Sci.}, volume={555}, publisher={New York Acad. Sci.},
      place={New York}, }, date={1989}, pages={56--62}, }


@article{cubicasconcuellogrande, author={Biggs, Norman},
    title={Constructions for cubic graphs with large girth},
    journal={Electron. J. Combin.}, volume={5}, date={1998},
    pages={Article 1, 25 pp. (electronic)}, issn={1077-8926}, }